<record><leader>00000cas a2200000 a 4500</leader><controlfield tag="001">9291597</controlfield><controlfield tag="008">830308d18601921ohuwr ne      0    0eng c</controlfield><datafield ind1=" " ind2=" " tag="010"><subfield code="a">sn 83045024 </subfield></datafield><datafield ind1=" " ind2=" " tag="040"><subfield code="a">CRL</subfield><subfield code="b">eng</subfield><subfield code="c">CRL</subfield><subfield code="d">NPW</subfield><subfield code="d">NPV</subfield><subfield code="d">NPX</subfield><subfield code="d">DLC</subfield><subfield code="d">NPX</subfield><subfield code="d">NPY</subfield><subfield code="d">KNP</subfield><subfield code="d">NPI</subfield><subfield code="d">ONP</subfield><subfield code="d">KNP</subfield><subfield code="d">ONP</subfield><subfield code="d">MQN</subfield><subfield code="d">ONP</subfield><subfield code="d">KNP</subfield><subfield code="d">MGN</subfield><subfield code="d">NVF</subfield><subfield code="d">OCL</subfield><subfield code="d">OCLCQ</subfield><subfield code="d">CRL</subfield><subfield code="d">DLC</subfield><subfield code="d">OCLCQ</subfield><subfield code="d">OCLCF</subfield></datafield><datafield ind1="1" ind2=" " tag="029"><subfield code="a">AU@</subfield><subfield code="b">000020227631</subfield></datafield><datafield ind1=" " ind2=" " tag="042"><subfield code="a">pcc</subfield></datafield><datafield ind1=" " ind2=" " tag="043"><subfield code="a">n-us-oh</subfield></datafield><datafield ind1="0" ind2="0" tag="050"><subfield code="a">Newspaper</subfield></datafield><datafield ind1="0" ind2=" " tag="130"><subfield code="a">Cincinnati weekly enquirer (Cincinnati, Ohio : 1860)</subfield></datafield><datafield ind1="1" ind2="0" tag="245"><subfield code="a">Cincinnati weekly enquirer.</subfield></datafield><datafield ind1="3" ind2="0" tag="246"><subfield code="a">Weekly enquirer</subfield></datafield><datafield ind1="3" ind2="0" tag="246"><subfield code="a">Weekly Cincinnati enquirer</subfield></datafield><datafield ind1=" " ind2=" " tag="260"><subfield code="a">Cincinnati [Ohio] :</subfield><subfield code="b">Faran &amp; McLean,</subfield><subfield code="c">-1921.</subfield></datafield><datafield ind1=" " ind2=" " tag="300"><subfield code="a">v.</subfield></datafield><datafield ind1=" " ind2=" " tag="310"><subfield code="a">Weekly</subfield></datafield><datafield ind1="1" ind2=" " tag="362"><subfield code="a">Began in 1860?</subfield></datafield><datafield ind1="0" ind2=" " tag="362"><subfield code="a">-v. 80, no. 6 (Feb, 9, 1921).</subfield></datafield><datafield ind1=" " ind2=" " tag="500"><subfield code="a">"Cincinnati" appears in title ornament, &lt;1875-1883&gt;.</subfield></datafield><datafield ind1=" " ind2=" " tag="515"><subfield code="a">Numbering includes whole nos.: Vol. 23, no. 24 (Feb. 11,1863) = Whole no. 1212.</subfield></datafield><datafield ind1=" " ind2=" " tag="530"><subfield code="a">Also issued on microfilm from Readex Microfilm Products (filmed with other items).</subfield></datafield><datafield ind1=" " ind2=" " tag="580"><subfield code="a">Daily eds.: Cincinnati daily enquirer (Cincinnati, Ohio : 1852), 1860-1872, and: Cincinnati enquirer (Cincinnati, Ohio : 1872), 1872-1921.</subfield></datafield><datafield ind1=" " ind2=" " tag="588"><subfield code="a">Description based on: Vol. 20, no. 9 (Jan. 5, 1860).</subfield></datafield><datafield ind1=" " ind2="0" tag="651"><subfield code="a">Cincinnati (Ohio)</subfield><subfield code="v">Newspapers.</subfield></datafield><datafield ind1=" " ind2="7" tag="655"><subfield code="a">Newspapers.</subfield><subfield code="2">fast</subfield><subfield code="0">(OCoLC)fst01423814</subfield></datafield><datafield ind1=" " ind2="7" tag="651"><subfield code="a">Ohio</subfield><subfield code="z">Cincinnati.</subfield><subfield code="2">fast</subfield><subfield code="0">(OCoLC)fst01205142</subfield></datafield><datafield ind1=" " ind2=" " tag="752"><subfield code="a">United States</subfield><subfield code="b">Ohio</subfield><subfield code="c">Hamilton</subfield><subfield code="d">Cincinnati.</subfield></datafield><datafield ind1="1" ind2=" " tag="775"><subfield code="t">Cincinnati daily enquirer (Cincinnati, Ohio : 1852)</subfield><subfield code="w">(DLC)sn 85042288</subfield><subfield code="w">(OCoLC)12065518</subfield></datafield><datafield ind1="1" ind2=" " tag="775"><subfield code="t">Cincinnati enquirer (Cincinnati, Ohio : 1872)</subfield><subfield code="w">(DLC)sn 85042289</subfield><subfield code="w">(OCoLC)12065651</subfield></datafield><datafield ind1="0" ind2="0" tag="780"><subfield code="t">Weekly enquirer (Cincinnati, Ohio : 1858)</subfield><subfield code="w">(DLC)sn 84028726</subfield><subfield code="w">(OCoLC)12382748</subfield></datafield></record>